<collection xmlns="http://www.loc.gov/MARC21/slim">
  <record>
    <controlfield tag="001">1</controlfield>
    <datafield tag="245" ind1="1" ind2="0">
      <subfield code="a">Ole Lukøie /</subfield>
      <subfield code="c">H.C. Andersen ; illustrationer af Otto Dickmeiss.</subfield>
    </datafield>
    <datafield tag="490" ind1="0" ind2=" ">
      <subfield code="3">1972/73-1975-76: </subfield>
      <subfield code="a">Lund studies in geography,</subfield>
      <subfield code="x">1400-1144 ;</subfield>
      <subfield code="v">101</subfield>
      <subfield code="a">Ser. B, Human geography,</subfield>
      <subfield code="x">0076-1478 ;</subfield>
      <subfield code="v">48</subfield>
    </datafield>
    <datafield tag="490" ind1="0" ind2=" ">
      <subfield code="a">Papers and documents of the I.C.I. Series C, Bibliographies ;</subfield>
      <subfield code="v">no. 3 =</subfield>
      <subfield code="a">Travaux et documents de l'I.C.I. Série C, Bibliographies ;</subfield>
      <subfield code="x">1234-5678 ;</subfield>
      <subfield code="v">no 3</subfield>
    </datafield>
    <datafield tag="510" ind1="4" ind2=" ">
      <subfield code="a">Index Medicus,</subfield>
      <subfield code="x">0019-3879,</subfield>
      <subfield code="c">p. 10, 50, and iii,</subfield>
      <subfield code="b">v1n1, 1984-</subfield>
    </datafield>
    <datafield tag="530" ind1=" " ind2=" ">
      <subfield code="3">Dispatches from U.S. consuls in Batavia, Java, Netherlands East Indies, 1818-1906</subfield>
      <subfield code="a">Available in microfilm;</subfield>
      <subfield code="b">National Archives;</subfield>
      <subfield code="d">M449;</subfield>
      <subfield code="c">Standing order account required.</subfield>
      <subfield code="u">http://www.bartleby.com/99/index.html</subfield>
    </datafield>
    <datafield tag="533" ind1=" " ind2=" ">
      <subfield code="3">Correspondence files</subfield>
      <subfield code="a">Microfilm.</subfield>
      <subfield code="m">1962-1965.</subfield>
      <subfield code="b">Middleton, Conn.,</subfield>
      <subfield code="c">Wesleyan University Archives,</subfield>
      <subfield code="d">1973</subfield>
      <subfield code="e">35 mm. negative.</subfield>
      <subfield code="f">(Current periodical series : publication no. 2313).</subfield>
      <subfield code="n">Issues for 1853-1856 on reel with: Journal of the American Temperance Union and the New York prohibitionist, v. 21, no. 7 (July 1857)-v. 24 (1860).</subfield>
      <subfield code="5">ICU</subfield>
    </datafield>
    <datafield tag="535" ind1="2" ind2=" ">
      <subfield code="3">German notebook</subfield>
      <subfield code="a">Yale University Library, Department of Manuscripts and Archives;</subfield>
      <subfield code="b">Box 1603A Yale Station, New Haven, CT 06520;</subfield>
      <subfield code="c">USA;</subfield>
      <subfield code="d">203-436-4564</subfield>
      <subfield code="g">ctu</subfield>
    </datafield>
    <datafield tag="534" ind1=" " ind2=" ">
      <subfield code="3">vol. 2</subfield>
      <subfield code="p">Reprint. Originally published:</subfield>
      <subfield code="c">Berlin :Eulenspiegel, c1978,</subfield>
      <subfield code="b">1st ed.</subfield>
      <subfield code="a">Frederick, John.</subfield>
      <subfield code="n">under title:</subfield>
      <subfield code="t">Luck.</subfield>
      <subfield code="e">1 art original : oil, col. ; 79 x 64 cm.</subfield>
      <subfield code="f">(International series of monographs on electromagnetic waves ; v. 4).</subfield>
      <subfield code="k">American journal of theology &amp; philosophy,</subfield>
      <subfield code="x">0228-913X.</subfield>
      <subfield code="z">0385061781 (v. 1)</subfield>
      <subfield code="m">at scale 1:50,000.</subfield>
    </datafield>
    <datafield tag="535" ind1="1" ind2=" ">
      <subfield code="3">Coal reports</subfield>
      <subfield code="a">American Mining Congress;</subfield>
      <subfield code="b">1920 N St., NW, Washington, D.C. 20036;</subfield>
      <subfield code="d">202-861-2800</subfield>
    </datafield>
  </record>
</collection>
